\@book{espd001,
  address = "Москва",
  publisher = "Стандартинформ",
  title = "ГОСТ 19.001-77. ЕСПД. Общие положения.",
  year = "2005"
}

\@book{espd005,
  address = "Москва",
  publisher = "Стандартинформ",
  title = "ГОСТ 19.005-85. ЕСПД. Р-схемы алгоритмов и программ. Обозначения условные графические и правила выполнения.",
  year = "2005"
}

\@book{espd101,
  address = "Москва",
  publisher = "Стандартинформ",
  title = "ГОСТ 19.101-77. ЕСПД. Виды программ и программных документов.",
  year = "2005"
}

\@book{espd102,
  address = "Москва",
  publisher = "Стандартинформ",
  title = "ГОСТ 19.102-77. ЕСПД. Стадии разработки.",
  year = "2005"
}

\@book{espd103,
  address = "Москва",
  publisher = "Стандартинформ",
  title = "ГОСТ 19.103-77. ЕСПД. Обозначение программ и программных документов.",
  year = "2005"
}

\@book{espd104,
  address = "Москва",
  publisher = "Стандартинформ",
  title = "ГОСТ 19.104-78. ЕСПД. Основные надписи.",
  year = "2005"
}

\@book{espd105,
  address = "Москва",
  publisher = "Стандартинформ",
  title = "ГОСТ 19.105-78. ЕСПД. Общие требования к программным документам.",
  year = "2005"
}

\@book{espd106,
  address = "Москва",
  publisher = "Стандартинформ",
  title = "ГОСТ 19.106-78. ЕСПД. Требования к программным документам, выполненным печатным способом.",
  year = "2005"
}

\@book{espd201,
  address = "Москва",
  publisher = "Стандартинформ",
  title = "ГОСТ 19.201-78. ЕСПД. Техническое здание. Требования к содержанию и оформлению.",
  year = "2005"
}

\@book{espd202,
  address = "Москва",
  publisher = "Стандартинформ",
  title = "ГОСТ 19.202-78. ЕСПД. Спецификация. Требования к содержанию и оформлению.",
  year = "2005"
}

\@book{espd301,
  address = "Москва",
  publisher = "Стандартинформ",
  title = "ГОСТ 19.301-79. ЕСПД. Программа и методика испытаний. Требования к содержанию и оформлению.",
  year = "2005"
}

\@book{espd401,
  address = "Москва",
  publisher = "Стандартинформ",
  title = "ГОСТ 19.401-78. ЕСПД. Текст программы. Требования к содержанию и оформлению.",
  year = "2005"
}

\@book{espd402,
  address = "Москва",
  publisher = "Стандартинформ",
  title = "ГОСТ 19.402-78. ЕСПД. Описание программы.",
  year = "2005"
}

\@book{espd403,
  address = "Москва",
  publisher = "Стандартинформ",
  title = "ГОСТ 19.403-79. ЕСПД. Ведомость держателей подлинников.",
  year = "2005"
}

\@book{espd404,
  address = "Москва",
  publisher = "Стандартинформ",
  title = "ГОСТ 19.404-79. ЕСПД. Пояснительная записка. Требования к содержанию и оформлению.",
  year = "2005"
}

\@book{espd501,
  address = "Москва",
  publisher = "Стандартинформ",
  title = "ГОСТ 19.501-78. ЕСПД. Пояснительная записка. Требования к содержанию и оформлению.",
  year = "2005"
}

\@book{espd502,
  address = "Москва",
  publisher = "Стандартинформ",
  title = "ГОСТ 19.502-78. ЕСПД. Описание применения. Требования к содержанию и оформлению.",
  year = "2005"
}

\@book{espd503,
  address = "Москва",
  publisher = "Стандартинформ",
  title = "ГОСТ 19.503-79. ЕСПД. Руководство системного программиста. Требования к содержанию и оформлению.",
  year = "2005"
}

\@book{espd504,
  address = "Москва",
  publisher = "Стандартинформ",
  title = "ГОСТ 19.504-79. ЕСПД. Руководство программиста. Требования к содержанию и оформлению.",
  year = "2005"
}

\@book{espd505,
  address = "Москва",
  publisher = "Стандартинформ",
  title = "ГОСТ 19.505-79. ЕСПД. Руководство оператора. Требования к содержанию и оформлению.",
  year = "2005"
}

\@book{espd506,
  address = "Москва",
  publisher = "Стандартинформ",
  title = "ГОСТ 19.506-79. ЕСПД. Описание языка. Требования к содержанию и оформлению.",
  year = "2005"
}

\@book{espd507,
  address = "Москва",
  publisher = "Стандартинформ",
  title = "ГОСТ 19.507-79. ЕСПД. Ведомость эксплуатационных документов.",
  year = "2005"
}

\@book{espd508,
  address = "Москва",
  publisher = "Стандартинформ",
  title = "ГОСТ 19.508-79. ЕСПД. Руководство по техническому обслуживанию. Требования к содержанию и оформлению.",
  year = "2005"
}

\@book{espd601,
  address = "Москва",
  publisher = "Стандартинформ",
  title = "ГОСТ 19.601-78. ЕСПД. Общие правила дублирования, учета и хранения.",
  year = "2005"
}

\@book{espd602,
  address = "Москва",
  publisher = "Стандартинформ",
  title = "ГОСТ 19.602-78. ЕСПД. Правила дублирования, учета и хранения программных документов, выполненных печатным способом.",
  year = "2005"
}

\@book{espd603,
  address = "Москва",
  publisher = "Стандартинформ",
  title = "ГОСТ 19.603-78. ЕСПД. Общие правила внесения изменений.",
  year = "2005"
}

\@book{espd604,
  address = "Москва",
  publisher = "Стандартинформ",
  title = "ГОСТ 19.604-78. ЕСПД. Правила внесения изменений в программные документаы, выполненные печатным способом.",
  year = "2005"
}

\@book{espd701,
  address = "Москва",
  publisher = "Стандартинформ",
  title = "ГОСТ 19.701-90 (ИСО 5807-85). ЕСПД. Схемы алгоритмов, программ, данных и систем. Условные обозначения и правила выполнения.",
  year = "2005"
}

\@book{espd781,
  address = "Москва",
  publisher = "Стандартинформ",
  title = "ГОСТ 19.781-90. Обеспечение систем обработки информации программное. Термины и определения.",
  year = "2005"
}